<record><leader>00000cas a22000007a 4500</leader><controlfield tag="001">10451593</controlfield><controlfield tag="008">840224d18761878moudr ne      0    0eng  </controlfield><controlfield tag="009">466</controlfield><datafield ind1=" " ind2=" " tag="010"><subfield code="a">sn 84020192 </subfield></datafield><datafield ind1=" " ind2=" " tag="040"><subfield code="a">DLC</subfield><subfield code="b">eng</subfield><subfield code="c">DLC</subfield><subfield code="d">NPU</subfield><subfield code="d">NPT</subfield><subfield code="d">NPX</subfield><subfield code="d">MQN</subfield><subfield code="d">NVF</subfield><subfield code="d">OCLCQ</subfield><subfield code="d">OCLCF</subfield><subfield code="d">OCLCO</subfield></datafield><datafield ind1=" " ind2=" " tag="042"><subfield code="a">msc</subfield></datafield><datafield ind1="0" ind2="0" tag="050"><subfield code="a">Newspaper 8627</subfield></datafield><datafield ind1="0" ind2="0" tag="245"><subfield code="a">St. Louis daily journal.</subfield></datafield><datafield ind1="3" ind2="0" tag="246"><subfield code="a">Saint Louis daily journal</subfield></datafield><datafield ind1=" " ind2=" " tag="260"><subfield code="a">St. Louis, Mo. :</subfield><subfield code="b">Wolcott &amp; Hume Co.,</subfield><subfield code="c">1876-1878.</subfield></datafield><datafield ind1=" " ind2=" " tag="300"><subfield code="a">3 v. ;</subfield><subfield code="c">64-71 cm.</subfield></datafield><datafield ind1=" " ind2=" " tag="310"><subfield code="a">Daily</subfield></datafield><datafield ind1="0" ind2=" " tag="362"><subfield code="a">Feb. 1, 1876-Nov. 15, 1878.</subfield></datafield><datafield ind1=" " ind2="0" tag="651"><subfield code="a">Saint Louis (Mo.)</subfield><subfield code="v">Newspapers.</subfield></datafield><datafield ind1=" " ind2="7" tag="655"><subfield code="a">Newspapers.</subfield><subfield code="2">fast</subfield><subfield code="0">(OCoLC)fst01423814</subfield></datafield><datafield ind1=" " ind2="7" tag="651"><subfield code="a">Missouri</subfield><subfield code="z">Saint Louis.</subfield><subfield code="2">fast</subfield><subfield code="0">(OCoLC)fst01204930</subfield></datafield><datafield ind1=" " ind2=" " tag="752"><subfield code="a">United States</subfield><subfield code="b">Missouri</subfield><subfield code="d">Saint Louis.</subfield></datafield><datafield ind1="0" ind2=" " tag="775"><subfield code="t">Kansas City times (Saint Louis, Mo.)</subfield><subfield code="w">(DLC)sn 87052212</subfield></datafield><datafield ind1="0" ind2=" " tag="775"><subfield code="t">St. Louis weekly journal</subfield><subfield code="w">(DLC)sn 85034201</subfield></datafield><datafield ind1="0" ind2="0" tag="780"><subfield code="t">Saint Louis journal</subfield><subfield code="w">(DLC)sn 84020191</subfield></datafield><datafield ind1="0" ind2="7" tag="785"><subfield code="t">St. Louis daily times (Saint Louis, Mo. : 1878)</subfield><subfield code="w">(DLC)sn 93059952</subfield></datafield><datafield ind1="0" ind2="7" tag="785"><subfield code="t">St. Louis times-journal</subfield><subfield code="w">(DLC)sn 85034249</subfield></datafield></record>